{
  "status": true,
  "message": "Success",
  "data": {
    "BalanceSheet_Aoc": [
      {
        "Type": "BS- AOC-4",
        "Equity_Share_capital": 618398000,
        "Reserves_and_surplus": 25114124000,
        "Money_received_against_share_warrants": 0,
        "Other_equity": 0,
        "Total_Equity": 25732522000,
        "Long_term_borrowings": 3250000000,
        "Total_Non_Current_Liabilities": 4863577000,
        "Deferred_tax_liabilities_net": 0,
        "Other_long_term_liabilities": 725416000,
        "Long_term_provisions": 888161000,
        "Short_term_borrowings": 1315085000,
        "Trade_payables": 1492869000,
        "Other_current_liabilities": 1545198000,
        "Short_term_provisions": 1991204000,
        "Total_Current_Liabilites": 6344356000,
        "Total_Equities_and_Liabilites": 36940455000,
        "Tangible_assets": 1308910000,
        "Intangible_assets": 220048000,
        "EQUITY_PAID_UP_CAPITAL": null,
        "Capital_workinprogress": 90556000,
        "Intangible_assets_under_development": 0,
        "Noncurrent_Investments": 24056642000,
        "Deferred_tax_assets_net": 495509000,
        "Long_term_loans_and_advances": 468064000,
        "Other_noncurrent_assets": 705000000,
        "Total_Non_Current_Assets": 27344729000,
        "Total_Current_Asset": 9595726000,
        "Total_Asset": 36940455000,
        "Current_Investment": 0,
        "Inventories": 6359163000,
        "Trade_receivables": 1148719000,
        "Cash_and_cash_equivalents": 0,
        "Cash_and_bank_balance": 78834000,
        "Short_term_loans_and_advances": 1899207000,
        "Other_current_assets": 109803000,
        "Category": null,
        "date_Amount": null,
        "FY_END_DATE": "2014-03-31T00:00:00",
        "DATE_OF_AGM": "0001-01-01T00:00:00",
        "isSubHeader": false,
        "CompanyLink": null,
        "Other_Income": 1848849000,
        "Finance_Cost": 0,
        "Depreciation_and_Amortisation_expense": 0,
        "Profit_before_tax": 0,
        "Other_Intangible_assets": 0,
        "DocUrlId": null,
        "NatureOfReportStandaloneConsolidated": "STANDALONE",
        "PREFERENCE_AUTHORISED_CAPITAL": null,
        "Total_Revenue": 26829551000,
        "NetWorthOfCompany": 0,
        "Profit_Loss": 4469700000
      },
      {
        "Type": "BS- AOC-4",
        "Equity_Share_capital": 618400000,
        "Reserves_and_surplus": 24385400000,
        "Money_received_against_share_warrants": 0,
        "Other_equity": 12700000,
        "Total_Equity": 25016500000,
        "Long_term_borrowings": 3250000000,
        "Total_Non_Current_Liabilities": 5115600000,
        "Deferred_tax_liabilities_net": 0,
        "Other_long_term_liabilities": 725400000,
        "Long_term_provisions": 1140200000,
        "Short_term_borrowings": 1525000000,
        "Trade_payables": 1438800000,
        "Other_current_liabilities": 1534800000,
        "Short_term_provisions": 1926100000,
        "Total_Current_Liabilites": 6424700000,
        "Total_Equities_and_Liabilites": 36556800000,
        "Tangible_assets": 1689100000,
        "Intangible_assets": 244300000,
        "EQUITY_PAID_UP_CAPITAL": null,
        "Capital_workinprogress": 110900000,
        "Intangible_assets_under_development": 0,
        "Noncurrent_Investments": 22318600000,
        "Deferred_tax_assets_net": 457500000,
        "Long_term_loans_and_advances": 717900000,
        "Other_noncurrent_assets": 705000000,
        "Total_Non_Current_Assets": 26243300000,
        "Total_Current_Asset": 10313500000,
        "Total_Asset": 36556800000,
        "Current_Investment": 0,
        "Inventories": 8192700000,
        "Trade_receivables": 936200000,
        "Cash_and_cash_equivalents": 0,
        "Cash_and_bank_balance": 210100000,
        "Short_term_loans_and_advances": 933600000,
        "Other_current_assets": 40900000,
        "Category": null,
        "date_Amount": null,
        "FY_END_DATE": "2015-03-31T00:00:00",
        "DATE_OF_AGM": "0001-01-01T00:00:00",
        "isSubHeader": false,
        "CompanyLink": null,
        "Other_Income": 1551600000,
        "Finance_Cost": 0,
        "Depreciation_and_Amortisation_expense": 0,
        "Profit_before_tax": 0,
        "Other_Intangible_assets": 0,
        "DocUrlId": null,
        "NatureOfReportStandaloneConsolidated": "STANDALONE",
        "PREFERENCE_AUTHORISED_CAPITAL": null,
        "Total_Revenue": 28845200000,
        "NetWorthOfCompany": 0,
        "Profit_Loss": 2890000000
      },
      {
        "Type": "BS- AOC-4",
        "Equity_Share_capital": 631100000,
        "Reserves_and_surplus": 28327900000,
        "Money_received_against_share_warrants": 0,
        "Other_equity": 0,
        "Total_Equity": 28959000000,
        "Long_term_borrowings": 0,
        "Total_Non_Current_Liabilities": 1778700000,
        "Deferred_tax_liabilities_net": 0,
        "Other_long_term_liabilities": 0,
        "Long_term_provisions": 1778700000,
        "Short_term_borrowings": 526100000,
        "Trade_payables": 1983800000,
        "Other_current_liabilities": 5449500000,
        "Short_term_provisions": 1952100000,
        "Total_Current_Liabilites": 9911500000,
        "Total_Equities_and_Liabilites": 40649200000,
        "Tangible_assets": 1832100000,
        "Intangible_assets": 160500000,
        "EQUITY_PAID_UP_CAPITAL": null,
        "Capital_workinprogress": 101000000,
        "Intangible_assets_under_development": 0,
        "Noncurrent_Investments": 22643400000,
        "Deferred_tax_assets_net": 394800000,
        "Long_term_loans_and_advances": 1205000000,
        "Other_noncurrent_assets": 705000000,
        "Total_Non_Current_Assets": 27041800000,
        "Total_Current_Asset": 13607400000,
        "Total_Asset": 40649200000,
        "Current_Investment": 0,
        "Inventories": 8897100000,
        "Trade_receivables": 1240900000,
        "Cash_and_cash_equivalents": 0,
        "Cash_and_bank_balance": 2329000000,
        "Short_term_loans_and_advances": 1044700000,
        "Other_current_assets": 95700000,
        "Category": null,
        "date_Amount": null,
        "FY_END_DATE": "2016-03-31T00:00:00",
        "DATE_OF_AGM": "0001-01-01T00:00:00",
        "isSubHeader": false,
        "CompanyLink": "https://docs.thecompanycheck.com//L15491WB1962PLC031425/Annual Returns and Balance Sheet eForms/L15491WB1962PLC031425_11_02_12_2016_FormAOC-4(XBRL)-02122016-signed.pdf",
        "Other_Income": 1065700000,
        "Finance_Cost": 0,
        "Depreciation_and_Amortisation_expense": 0,
        "Profit_before_tax": 0,
        "Other_Intangible_assets": 0,
        "DocUrlId": 9172,
        "NatureOfReportStandaloneConsolidated": "Standalone",
        "PREFERENCE_AUTHORISED_CAPITAL": null,
        "Total_Revenue": 31904900000,
        "NetWorthOfCompany": 0,
        "Profit_Loss": 5636700000
      },
      {
        "Type": "BS- AOC-4",
        "Equity_Share_capital": 631100000,
        "Reserves_and_surplus": 37214400000,
        "Money_received_against_share_warrants": 0,
        "Other_equity": 0,
        "Total_Equity": 37845500000,
        "Long_term_borrowings": 0,
        "Total_Non_Current_Liabilities": 1308700000,
        "Deferred_tax_liabilities_net": 0,
        "Other_long_term_liabilities": 0,
        "Long_term_provisions": 1308700000,
        "Short_term_borrowings": 205000000,
        "Trade_payables": 2443300000,
        "Other_current_liabilities": 1603800000,
        "Short_term_provisions": 460900000,
        "Total_Current_Liabilites": 4713000000,
        "Total_Equities_and_Liabilites": 43867200000,
        "Tangible_assets": 1984500000,
        "Intangible_assets": 160300000,
        "EQUITY_PAID_UP_CAPITAL": null,
        "Capital_workinprogress": 115000000,
        "Intangible_assets_under_development": 0,
        "Noncurrent_Investments": 29039700000,
        "Deferred_tax_assets_net": 388600000,
        "Long_term_loans_and_advances": 247300000,
        "Other_noncurrent_assets": 1606500000,
        "Total_Non_Current_Assets": 33541900000,
        "Total_Current_Asset": 10325300000,
        "Total_Asset": 43867200000,
        "Current_Investment": 677000000,
        "Inventories": 7641900000,
        "Trade_receivables": 996200000,
        "Cash_and_cash_equivalents": 0,
        "Cash_and_bank_balance": 20000000,
        "Short_term_loans_and_advances": 119700000,
        "Other_current_assets": 870500000,
        "Category": null,
        "date_Amount": null,
        "FY_END_DATE": "2017-03-31T00:00:00",
        "DATE_OF_AGM": "0001-01-01T00:00:00",
        "isSubHeader": false,
        "CompanyLink": "https://docs.thecompanycheck.com//L15491WB1962PLC031425/Annual Returns and Balance Sheet eForms/L15491WB1962PLC031425_5_28_05_2018_FormAOC-4(XBRL)-28052018_signed",
        "Other_Income": 963400000,
        "Finance_Cost": 0,
        "Depreciation_and_Amortisation_expense": 0,
        "Profit_before_tax": 0,
        "Other_Intangible_assets": 0,
        "DocUrlId": 9166,
        "NatureOfReportStandaloneConsolidated": "Standalone",
        "PREFERENCE_AUTHORISED_CAPITAL": null,
        "Total_Revenue": 30638900000,
        "NetWorthOfCompany": 37845500000,
        "Profit_Loss": 2760000000
      },
      {
        "Type": "BS- AOC-4",
        "Equity_Share_capital": 631100000,
        "Reserves_and_surplus": 41502400000,
        "Money_received_against_share_warrants": 0,
        "Other_equity": 0,
        "Total_Equity": 42133500000,
        "Long_term_borrowings": 0,
        "Total_Non_Current_Liabilities": 1096500000,
        "Deferred_tax_liabilities_net": 0,
        "Other_long_term_liabilities": 0,
        "Long_term_provisions": 1096500000,
        "Short_term_borrowings": 600000000,
        "Trade_payables": 2484600000,
        "Other_current_liabilities": 1632100000,
        "Short_term_provisions": 732500000,
        "Total_Current_Liabilites": 5449200000,
        "Total_Equities_and_Liabilites": 48679200000,
        "Tangible_assets": 2082600000,
        "Intangible_assets": 192100000,
        "EQUITY_PAID_UP_CAPITAL": null,
        "Capital_workinprogress": 114900000,
        "Intangible_assets_under_development": 11600000,
        "Noncurrent_Investments": 22842800000,
        "Deferred_tax_assets_net": 990100000,
        "Long_term_loans_and_advances": 204400000,
        "Other_noncurrent_assets": 1478900000,
        "Total_Non_Current_Assets": 27917400000,
        "Total_Current_Asset": 20761800000,
        "Total_Asset": 48679200000,
        "Current_Investment": 5369800000,
        "Inventories": 7444000000,
        "Trade_receivables": 1366600000,
        "Cash_and_cash_equivalents": 0,
        "Cash_and_bank_balance": 2085500000,
        "Short_term_loans_and_advances": 81000000,
        "Other_current_assets": 4414900000,
        "Category": null,
        "date_Amount": null,
        "FY_END_DATE": "2018-03-31T00:00:00",
        "DATE_OF_AGM": "0001-01-01T00:00:00",
        "isSubHeader": false,
        "CompanyLink": "https://docs.thecompanycheck.com//L15491WB1962PLC031425/Annual Returns and Balance Sheet eForms/L15491WB1962PLC031425_4_04_08_2018_FormAOC-4(XBRL)-04082018_signed",
        "Other_Income": 1475800000,
        "Finance_Cost": 0,
        "Depreciation_and_Amortisation_expense": 0,
        "Profit_before_tax": 0,
        "Other_Intangible_assets": 0,
        "DocUrlId": 9165,
        "NatureOfReportStandaloneConsolidated": "Standalone",
        "PREFERENCE_AUTHORISED_CAPITAL": null,
        "Total_Revenue": 32173200000,
        "NetWorthOfCompany": 42133500000,
        "Profit_Loss": 5343200000
      },
      {
        "Type": "BS- AOC-4",
        "Equity_Share_capital": 631100000,
        "Reserves_and_surplus": 43805700000,
        "Money_received_against_share_warrants": 0,
        "Other_equity": 0,
        "Total_Equity": 44436800000,
        "Long_term_borrowings": 0,
        "Total_Non_Current_Liabilities": 1152500000,
        "Deferred_tax_liabilities_net": 0,
        "Other_long_term_liabilities": 0,
        "Long_term_provisions": 1152500000,
        "Short_term_borrowings": 0,
        "Trade_payables": 2394200000,
        "Other_current_liabilities": 1644800000,
        "Short_term_provisions": 370900000,
        "Total_Current_Liabilites": 4409900000,
        "Total_Equities_and_Liabilites": 49999200000,
        "Tangible_assets": 2244900000,
        "Intangible_assets": 180600000,
        "EQUITY_PAID_UP_CAPITAL": null,
        "Capital_workinprogress": 105200000,
        "Intangible_assets_under_development": 67300000,
        "Noncurrent_Investments": 23185900000,
        "Deferred_tax_assets_net": 338600000,
        "Long_term_loans_and_advances": 167700000,
        "Other_noncurrent_assets": 1672800000,
        "Total_Non_Current_Assets": 27963000000,
        "Total_Current_Asset": 22036200000,
        "Total_Asset": 49999200000,
        "Current_Investment": 4977400000,
        "Inventories": 8469100000,
        "Trade_receivables": 1819200000,
        "Cash_and_cash_equivalents": 0,
        "Cash_and_bank_balance": 4044300000,
        "Short_term_loans_and_advances": 81300000,
        "Other_current_assets": 2644900000,
        "Category": null,
        "date_Amount": null,
        "FY_END_DATE": "2019-03-31T00:00:00",
        "DATE_OF_AGM": "0001-01-01T00:00:00",
        "isSubHeader": false,
        "CompanyLink": "https://docs.thecompanycheck.com//L15491WB1962PLC031425/Annual Returns and Balance Sheet eForms/L15491WB1962PLC031425_1_01_08_2019_FormAOC-4(XBRL)-01082019-signed",
        "Other_Income": 1825100000,
        "Finance_Cost": 0,
        "Depreciation_and_Amortisation_expense": 0,
        "Profit_before_tax": 0,
        "Other_Intangible_assets": 0,
        "DocUrlId": 9162,
        "NatureOfReportStandaloneConsolidated": "Standalone",
        "PREFERENCE_AUTHORISED_CAPITAL": null,
        "Total_Revenue": 34296600000,
        "NetWorthOfCompany": 44436800000,
        "Profit_Loss": 4109300000
      },
      {
        "Type": "BS- AOC-4",
        "Equity_Share_capital": 921600000,
        "Reserves_and_surplus": 107578500000,
        "Money_received_against_share_warrants": 0,
        "Other_equity": 0,
        "Total_Equity": 108500100000,
        "Long_term_borrowings": 0,
        "Total_Non_Current_Liabilities": 4085600000,
        "Deferred_tax_liabilities_net": 1492200000,
        "Other_long_term_liabilities": 1218200000,
        "Long_term_provisions": 1375200000,
        "Short_term_borrowings": 350000000,
        "Trade_payables": 4470400000,
        "Other_current_liabilities": 2197100000,
        "Short_term_provisions": 901100000,
        "Total_Current_Liabilites": 7918600000,
        "Total_Equities_and_Liabilites": 120504300000,
        "Tangible_assets": 3502000000,
        "Intangible_assets": 61023400000,
        "EQUITY_PAID_UP_CAPITAL": null,
        "Capital_workinprogress": 221600000,
        "Intangible_assets_under_development": 0,
        "Noncurrent_Investments": 23249100000,
        "Deferred_tax_assets_net": 0,
        "Long_term_loans_and_advances": 470300000,
        "Other_noncurrent_assets": 2107000000,
        "Total_Non_Current_Assets": 90573400000,
        "Total_Current_Asset": 29930900000,
        "Total_Asset": 120504300000,
        "Current_Investment": 7245100000,
        "Inventories": 9199500000,
        "Trade_receivables": 3141700000,
        "Cash_and_cash_equivalents": 0,
        "Cash_and_bank_balance": 7377700000,
        "Short_term_loans_and_advances": 758600000,
        "Other_current_assets": 2208300000,
        "Category": null,
        "date_Amount": null,
        "FY_END_DATE": "2020-03-31T00:00:00",
        "DATE_OF_AGM": "0001-01-01T00:00:00",
        "isSubHeader": false,
        "CompanyLink": null,
        "Other_Income": 1177500000,
        "Finance_Cost": 0,
        "Depreciation_and_Amortisation_expense": 0,
        "Profit_before_tax": 0,
        "Other_Intangible_assets": 0,
        "DocUrlId": null,
        "NatureOfReportStandaloneConsolidated": "STANDALONE",
        "PREFERENCE_AUTHORISED_CAPITAL": null,
        "Total_Revenue": 56902400000,
        "NetWorthOfCompany": 0,
        "Profit_Loss": 5235400000
      },
      {
        "Type": "BS- AOC-4",
        "Equity_Share_capital": 921600000,
        "Reserves_and_surplus": 111319400000,
        "Money_received_against_share_warrants": 0,
        "Other_equity": 0,
        "Total_Equity": 112241000000,
        "Long_term_borrowings": 0,
        "Total_Non_Current_Liabilities": 8072600000,
        "Deferred_tax_liabilities_net": 3675500000,
        "Other_long_term_liabilities": 2915000000,
        "Long_term_provisions": 1482100000,
        "Short_term_borrowings": 0,
        "Trade_payables": 11026300000,
        "Other_current_liabilities": 2106000000,
        "Short_term_provisions": 871700000,
        "Total_Current_Liabilites": 14004000000,
        "Total_Equities_and_Liabilites": 134317600000,
        "Tangible_assets": 4829400000,
        "Intangible_assets": 60884100000,
        "EQUITY_PAID_UP_CAPITAL": null,
        "Capital_workinprogress": 629000000,
        "Intangible_assets_under_development": 0,
        "Noncurrent_Investments": 26051900000,
        "Deferred_tax_assets_net": 0,
        "Long_term_loans_and_advances": 1253000000,
        "Other_noncurrent_assets": 2115200000,
        "Total_Non_Current_Assets": 95762600000,
        "Total_Current_Asset": 38555000000,
        "Total_Asset": 134317600000,
        "Current_Investment": 2877700000,
        "Inventories": 14083700000,
        "Trade_receivables": 2572300000,
        "Cash_and_cash_equivalents": 0,
        "Cash_and_bank_balance": 16136900000,
        "Short_term_loans_and_advances": 353600000,
        "Other_current_assets": 2530800000,
        "Category": null,
        "date_Amount": null,
        "FY_END_DATE": "2021-03-31T00:00:00",
        "DATE_OF_AGM": "0001-01-01T00:00:00",
        "isSubHeader": false,
        "CompanyLink": null,
        "Other_Income": 1330100000,
        "Finance_Cost": 0,
        "Depreciation_and_Amortisation_expense": 0,
        "Profit_before_tax": 0,
        "Other_Intangible_assets": 0,
        "DocUrlId": null,
        "NatureOfReportStandaloneConsolidated": "STANDALONE",
        "PREFERENCE_AUTHORISED_CAPITAL": null,
        "Total_Revenue": 71543600000,
        "NetWorthOfCompany": 0,
        "Profit_Loss": 6195100000
      }
    ],
    "BalanceSheet_AOC_NBFC": null,
    "Balance_Sheet_LLP": null,
    "ProfitNLoss_Aoc": [
      {
        "Type": "P&L - AOC-4",
        "Category": null,
        "date_Amount": null,
        "FY_END_DATE": "2014-03-31T00:00:00",
        "DATE_OF_AGM": null,
        "Domestic_Sales_of_goods_manufactured": null,
        "Domestic_Sales_of_goods_traded": null,
        "Domestic_Supply_of_services": null,
        "Export_Sales_of_goods_manufactured": null,
        "Export_Sales_of_goods_traded": null,
        "Export_Supply_of_services": null,
        "Other_Income": 1848849000,
        "Total_Revenue": 28678400000,
        "Cost_of_Material_consumed": 17301117000,
        "Purchase_of_stock_in_trade": 34384000,
        "Change_in_Finished_goods_inventory": -51025000,
        "Change_in_work_in_progress_inventory": null,
        "Change_in_Stock_in_trade_inventory": null,
        "Employee_Benefit_Expense": 1361123000,
        "Managerial_Remuneration": null,
        "Payment_to_auditors": null,
        "Insurance_Expenses": null,
        "Power_Fuel": null,
        "Finance_Cost": 391969000,
        "Depreciation_and_Amortisation_expense": 163528000,
        "OTHER_EXPENSES": 5344472000,
        "TOTAL_EXPENSES": null,
        "Ebitda": 4561548000,
        "Profit_before_exceptional_and_extraordinary_items_and_tax": 4132832000,
        "Exceptional_items": 1722068000,
        "Profit_before_extraordinary_items_and_tax": null,
        "Extraordinary_items": null,
        "Profit_before_tax": 5854900000,
        "Current_Tax": 1385200000,
        "Deferred_Tax": null,
        "ProfitLoss_from_discontinuing_operations": null,
        "Tax_expense_of_discontinuing_operations": null,
        "Profit_Loss": 4469700000,
        "CompanyLink": null,
        "DocUrlId": null,
        "NatureOfReportStandaloneConsolidated": "STANDALONE",
        "Diluted_EPS_after_extraordinary_items": null,
        "Income_in_foreign_currency": null,
        "Expenditure_in_foreign_currency": null
      },
      {
        "Type": "P&L - AOC-4",
        "Category": null,
        "date_Amount": null,
        "FY_END_DATE": "2015-03-31T00:00:00",
        "DATE_OF_AGM": null,
        "Domestic_Sales_of_goods_manufactured": null,
        "Domestic_Sales_of_goods_traded": null,
        "Domestic_Supply_of_services": null,
        "Export_Sales_of_goods_manufactured": null,
        "Export_Sales_of_goods_traded": null,
        "Export_Supply_of_services": null,
        "Other_Income": 1551600000,
        "Total_Revenue": 30396800000,
        "Cost_of_Material_consumed": 18728700000,
        "Purchase_of_stock_in_trade": 15300000,
        "Change_in_Finished_goods_inventory": -279900000,
        "Change_in_work_in_progress_inventory": null,
        "Change_in_Stock_in_trade_inventory": null,
        "Employee_Benefit_Expense": 1619200000,
        "Managerial_Remuneration": null,
        "Payment_to_auditors": null,
        "Insurance_Expenses": null,
        "Power_Fuel": null,
        "Finance_Cost": 341900000,
        "Depreciation_and_Amortisation_expense": 199400000,
        "OTHER_EXPENSES": 5592500000,
        "TOTAL_EXPENSES": null,
        "Ebitda": 2480200000,
        "Profit_before_exceptional_and_extraordinary_items_and_tax": 4179700000,
        "Exceptional_items": -689200000,
        "Profit_before_extraordinary_items_and_tax": null,
        "Extraordinary_items": null,
        "Profit_before_tax": 3490500000,
        "Current_Tax": 600500000,
        "Deferred_Tax": null,
        "ProfitLoss_from_discontinuing_operations": null,
        "Tax_expense_of_discontinuing_operations": null,
        "Profit_Loss": 2890000000,
        "CompanyLink": null,
        "DocUrlId": null,
        "NatureOfReportStandaloneConsolidated": "STANDALONE",
        "Diluted_EPS_after_extraordinary_items": null,
        "Income_in_foreign_currency": null,
        "Expenditure_in_foreign_currency": null
      },
      {
        "Type": "P&L - AOC-4",
        "Category": null,
        "date_Amount": null,
        "FY_END_DATE": "2016-03-31T00:00:00",
        "DATE_OF_AGM": null,
        "Domestic_Sales_of_goods_manufactured": 29898700000,
        "Domestic_Sales_of_goods_traded": 994300000,
        "Domestic_Supply_of_services": 14400000,
        "Export_Sales_of_goods_manufactured": 1908200000,
        "Export_Sales_of_goods_traded": null,
        "Export_Supply_of_services": null,
        "Other_Income": 1065700000,
        "Total_Revenue": 32970600000,
        "Cost_of_Material_consumed": 18889600000,
        "Purchase_of_stock_in_trade": 119300000,
        "Change_in_Finished_goods_inventory": -39500000,
        "Change_in_work_in_progress_inventory": null,
        "Change_in_Stock_in_trade_inventory": null,
        "Employee_Benefit_Expense": 1868800000,
        "Managerial_Remuneration": 0,
        "Payment_to_auditors": 18300000,
        "Insurance_Expenses": 65400000,
        "Power_Fuel": 267600000,
        "Finance_Cost": 296100000,
        "Depreciation_and_Amortisation_expense": 227900000,
        "OTHER_EXPENSES": 6538500000,
        "TOTAL_EXPENSES": 27940900000,
        "Ebitda": 6068000000,
        "Profit_before_exceptional_and_extraordinary_items_and_tax": 6609700000,
        "Exceptional_items": 2645700000,
        "Profit_before_extraordinary_items_and_tax": null,
        "Extraordinary_items": null,
        "Profit_before_tax": 6609700000,
        "Current_Tax": 910300000,
        "Deferred_Tax": 62700000,
        "ProfitLoss_from_discontinuing_operations": null,
        "Tax_expense_of_discontinuing_operations": null,
        "Profit_Loss": 5636700000,
        "CompanyLink": "https://docs.thecompanycheck.com//L15491WB1962PLC031425/Annual Returns and Balance Sheet eForms/L15491WB1962PLC031425_11_02_12_2016_FormAOC-4(XBRL)-02122016-signed.pdf",
        "DocUrlId": "9172",
        "NatureOfReportStandaloneConsolidated": "Standalone",
        "Diluted_EPS_after_extraordinary_items": null,
        "Income_in_foreign_currency": null,
        "Expenditure_in_foreign_currency": null
      },
      {
        "Type": "P&L - AOC-4",
        "Category": null,
        "date_Amount": null,
        "FY_END_DATE": "2017-03-31T00:00:00",
        "DATE_OF_AGM": null,
        "Domestic_Sales_of_goods_manufactured": 29859800000,
        "Domestic_Sales_of_goods_traded": 765000000,
        "Domestic_Supply_of_services": 14100000,
        "Export_Sales_of_goods_manufactured": 1923300000,
        "Export_Sales_of_goods_traded": null,
        "Export_Supply_of_services": null,
        "Other_Income": 963400000,
        "Total_Revenue": 31602300000,
        "Cost_of_Material_consumed": 18677200000,
        "Purchase_of_stock_in_trade": 230300000,
        "Change_in_Finished_goods_inventory": -17900000,
        "Change_in_work_in_progress_inventory": null,
        "Change_in_Stock_in_trade_inventory": null,
        "Employee_Benefit_Expense": 1878200000,
        "Managerial_Remuneration": 0,
        "Payment_to_auditors": 20600000,
        "Insurance_Expenses": 0,
        "Power_Fuel": 0,
        "Finance_Cost": 491000000,
        "Depreciation_and_Amortisation_expense": 237000000,
        "OTHER_EXPENSES": 6244600000,
        "TOTAL_EXPENSES": 27740400000,
        "Ebitda": 3626500000,
        "Profit_before_exceptional_and_extraordinary_items_and_tax": 3861900000,
        "Exceptional_items": 0,
        "Profit_before_extraordinary_items_and_tax": null,
        "Extraordinary_items": null,
        "Profit_before_tax": 3861900000,
        "Current_Tax": 1102400000,
        "Deferred_Tax": -500000,
        "ProfitLoss_from_discontinuing_operations": null,
        "Tax_expense_of_discontinuing_operations": null,
        "Profit_Loss": 2760000000,
        "CompanyLink": "https://docs.thecompanycheck.com//L15491WB1962PLC031425/Annual Returns and Balance Sheet eForms/L15491WB1962PLC031425_5_28_05_2018_FormAOC-4(XBRL)-28052018_signed",
        "DocUrlId": "9166",
        "NatureOfReportStandaloneConsolidated": "Standalone",
        "Diluted_EPS_after_extraordinary_items": 4.37,
        "Income_in_foreign_currency": null,
        "Expenditure_in_foreign_currency": null
      },
      {
        "Type": "P&L - AOC-4",
        "Category": null,
        "date_Amount": null,
        "FY_END_DATE": "2018-03-31T00:00:00",
        "DATE_OF_AGM": null,
        "Domestic_Sales_of_goods_manufactured": 31310300000,
        "Domestic_Sales_of_goods_traded": 856400000,
        "Domestic_Supply_of_services": 6500000,
        "Export_Sales_of_goods_manufactured": 2497300000,
        "Export_Sales_of_goods_traded": null,
        "Export_Supply_of_services": null,
        "Other_Income": 1475800000,
        "Total_Revenue": 33649000000,
        "Cost_of_Material_consumed": 18715500000,
        "Purchase_of_stock_in_trade": 330000000,
        "Change_in_Finished_goods_inventory": -16700000,
        "Change_in_work_in_progress_inventory": null,
        "Change_in_Stock_in_trade_inventory": null,
        "Employee_Benefit_Expense": 2081300000,
        "Managerial_Remuneration": 0,
        "Payment_to_auditors": 16100000,
        "Insurance_Expenses": 0,
        "Power_Fuel": 0,
        "Finance_Cost": 136500000,
        "Depreciation_and_Amortisation_expense": 272000000,
        "OTHER_EXPENSES": 6049300000,
        "TOTAL_EXPENSES": 27567900000,
        "Ebitda": 6167400000,
        "Profit_before_exceptional_and_extraordinary_items_and_tax": 6081100000,
        "Exceptional_items": 1153600000,
        "Profit_before_extraordinary_items_and_tax": null,
        "Extraordinary_items": null,
        "Profit_before_tax": 7234700000,
        "Current_Tax": 1889100000,
        "Deferred_Tax": 2400000,
        "ProfitLoss_from_discontinuing_operations": null,
        "Tax_expense_of_discontinuing_operations": null,
        "Profit_Loss": 5343200000,
        "CompanyLink": "https://docs.thecompanycheck.com//L15491WB1962PLC031425/Annual Returns and Balance Sheet eForms/L15491WB1962PLC031425_4_04_08_2018_FormAOC-4(XBRL)-04082018_signed",
        "DocUrlId": "9165",
        "NatureOfReportStandaloneConsolidated": "Standalone",
        "Diluted_EPS_after_extraordinary_items": 8.47,
        "Income_in_foreign_currency": null,
        "Expenditure_in_foreign_currency": null
      },
      {
        "Type": "P&L - AOC-4",
        "Category": null,
        "date_Amount": null,
        "FY_END_DATE": "2019-03-31T00:00:00",
        "DATE_OF_AGM": null,
        "Domestic_Sales_of_goods_manufactured": 33317000000,
        "Domestic_Sales_of_goods_traded": 979500000,
        "Domestic_Supply_of_services": 100000,
        "Export_Sales_of_goods_manufactured": 2561100000,
        "Export_Sales_of_goods_traded": null,
        "Export_Supply_of_services": null,
        "Other_Income": 1825100000,
        "Total_Revenue": 36121700000,
        "Cost_of_Material_consumed": 20559700000,
        "Purchase_of_stock_in_trade": 236500000,
        "Change_in_Finished_goods_inventory": 1600000,
        "Change_in_work_in_progress_inventory": null,
        "Change_in_Stock_in_trade_inventory": null,
        "Employee_Benefit_Expense": 2168500000,
        "Managerial_Remuneration": 0,
        "Payment_to_auditors": 16000000,
        "Insurance_Expenses": 0,
        "Power_Fuel": 0,
        "Finance_Cost": 131800000,
        "Depreciation_and_Amortisation_expense": 316800000,
        "OTHER_EXPENSES": 6947600000,
        "TOTAL_EXPENSES": 30362500000,
        "Ebitda": 4382700000,
        "Profit_before_exceptional_and_extraordinary_items_and_tax": 5759200000,
        "Exceptional_items": 0,
        "Profit_before_extraordinary_items_and_tax": null,
        "Extraordinary_items": null,
        "Profit_before_tax": 5759200000,
        "Current_Tax": 1605700000,
        "Deferred_Tax": 44200000,
        "ProfitLoss_from_discontinuing_operations": null,
        "Tax_expense_of_discontinuing_operations": null,
        "Profit_Loss": 4109300000,
        "CompanyLink": "https://docs.thecompanycheck.com//L15491WB1962PLC031425/Annual Returns and Balance Sheet eForms/L15491WB1962PLC031425_1_01_08_2019_FormAOC-4(XBRL)-01082019-signed",
        "DocUrlId": "9162",
        "NatureOfReportStandaloneConsolidated": "Standalone",
        "Diluted_EPS_after_extraordinary_items": 6.51,
        "Income_in_foreign_currency": null,
        "Expenditure_in_foreign_currency": null
      },
      {
        "Type": "P&L - AOC-4",
        "Category": null,
        "date_Amount": null,
        "FY_END_DATE": "2020-03-31T00:00:00",
        "DATE_OF_AGM": null,
        "Domestic_Sales_of_goods_manufactured": null,
        "Domestic_Sales_of_goods_traded": null,
        "Domestic_Supply_of_services": null,
        "Export_Sales_of_goods_manufactured": null,
        "Export_Sales_of_goods_traded": null,
        "Export_Supply_of_services": null,
        "Other_Income": 1177500000,
        "Total_Revenue": 58079900000,
        "Cost_of_Material_consumed": 23050200000,
        "Purchase_of_stock_in_trade": 11238600000,
        "Change_in_Finished_goods_inventory": 443600000,
        "Change_in_work_in_progress_inventory": null,
        "Change_in_Stock_in_trade_inventory": null,
        "Employee_Benefit_Expense": 2834400000,
        "Managerial_Remuneration": null,
        "Payment_to_auditors": null,
        "Insurance_Expenses": null,
        "Power_Fuel": null,
        "Finance_Cost": 257300000,
        "Depreciation_and_Amortisation_expense": 1148200000,
        "OTHER_EXPENSES": 11295400000,
        "TOTAL_EXPENSES": null,
        "Ebitda": 7522100000,
        "Profit_before_exceptional_and_extraordinary_items_and_tax": 7812200000,
        "Exceptional_items": -518100000,
        "Profit_before_extraordinary_items_and_tax": null,
        "Extraordinary_items": null,
        "Profit_before_tax": 7294100000,
        "Current_Tax": 2058700000,
        "Deferred_Tax": null,
        "ProfitLoss_from_discontinuing_operations": null,
        "Tax_expense_of_discontinuing_operations": null,
        "Profit_Loss": 5235400000,
        "CompanyLink": null,
        "DocUrlId": null,
        "NatureOfReportStandaloneConsolidated": "STANDALONE",
        "Diluted_EPS_after_extraordinary_items": null,
        "Income_in_foreign_currency": null,
        "Expenditure_in_foreign_currency": null
      },
      {
        "Type": "P&L - AOC-4",
        "Category": null,
        "date_Amount": null,
        "FY_END_DATE": "2021-03-31T00:00:00",
        "DATE_OF_AGM": null,
        "Domestic_Sales_of_goods_manufactured": null,
        "Domestic_Sales_of_goods_traded": null,
        "Domestic_Supply_of_services": null,
        "Export_Sales_of_goods_manufactured": null,
        "Export_Sales_of_goods_traded": null,
        "Export_Supply_of_services": null,
        "Other_Income": 1330100000,
        "Total_Revenue": 72873700000,
        "Cost_of_Material_consumed": 34216500000,
        "Purchase_of_stock_in_trade": 14256300000,
        "Change_in_Finished_goods_inventory": -1169000000,
        "Change_in_work_in_progress_inventory": null,
        "Change_in_Stock_in_trade_inventory": null,
        "Employee_Benefit_Expense": 3215800000,
        "Managerial_Remuneration": null,
        "Payment_to_auditors": null,
        "Insurance_Expenses": null,
        "Power_Fuel": null,
        "Finance_Cost": 281300000,
        "Depreciation_and_Amortisation_expense": 1262100000,
        "OTHER_EXPENSES": 11838300000,
        "TOTAL_EXPENSES": null,
        "Ebitda": 8574700000,
        "Profit_before_exceptional_and_extraordinary_items_and_tax": 8972400000,
        "Exceptional_items": -611000000,
        "Profit_before_extraordinary_items_and_tax": null,
        "Extraordinary_items": null,
        "Profit_before_tax": 8361400000,
        "Current_Tax": 2166300000,
        "Deferred_Tax": null,
        "ProfitLoss_from_discontinuing_operations": null,
        "Tax_expense_of_discontinuing_operations": null,
        "Profit_Loss": 6195100000,
        "CompanyLink": null,
        "DocUrlId": null,
        "NatureOfReportStandaloneConsolidated": "STANDALONE",
        "Diluted_EPS_after_extraordinary_items": null,
        "Income_in_foreign_currency": null,
        "Expenditure_in_foreign_currency": null
      }
    ],
    "ProfitNLoss_AOC_NBFC": null,
    "Profit_N_Loss_LLP": null,
    "Ratio_Details": [
      {
        "Total_Revenue_C": 28678400000,
        "Profit_Loss_C": 4469700000,
        "Net_Worth_C": 25732522000,
        "Cash_Balance_C": 78834000,
        "Total_Assets_C": 36940455000,
        "Outsider_Liability_AL": 11207933000,
        "NatureOfReportStandaloneConsolidated": "STANDALONE",
        "Financial_Year": "2014",
        "FY_END_DATE": "2014-03-31T00:00:00",
        "cin": "L15491WB1962PLC031425",
        "Company_id": "WB425LC001964358",
        "Ebitda_AL": 2839480000,
        "Total_Equity_C": 0,
        "FY_START_DATE": "2013-04-01T00:00:00",
        "Revenue_Growth_RC": 0,
        "Ebitda_Margin_RA": 10.58,
        "Net_Profit_Margin_RC": 16.66,
        "Return_on_Equity_RC": 17.37,
        "Debt_Equity_RC": 0.18,
        "Inventory_Sales_Days_RC": 86.51,
        "Debtors_Sales_Days_RC": 15.63,
        "PAYABLES_TO_SALES_RC": 20.31,
        "Cash_Conversion_Cycle_Days_RC": 81.83,
        "SALES_TO_FIXED_ASSETS_RC": 17.55,
        "RETURN_ON_CAPITAL_EMPLOYED_RA": 20.88,
        "EQUITY_MULTIPLIER_RC": 1.44,
        "CURRENT_RATIO_RA": 1.51,
        "LIQUIDITY_RATIO_RA": 0.51,
        "INTEREST_COVERAGE_RATIO_RA": 7.24,
        "NET_WORTH_RATIO_RA": 0.17,
        "R_EARNING_PER_SHARE_RA": 0,
        "CASH_RATIO_RA": 0.01,
        "DEBT_TO_EBITDA_RA": 1.61,
        "Total_Loans_Total_Assets_RN": 0,
        "Total_Investments_Total_Assets_RN": 0,
        "Receivables_Total_Assets_RN": 0,
        "Total_Revenue_from_Operations_Total_Financial_Assets_RN": 0,
        "Return_on_Partners_Fund_RL": 0,
        "Debt_Partners_Fund_RL": 0
      },
      {
        "Total_Revenue_C": 30396800000,
        "Profit_Loss_C": 2890000000,
        "Net_Worth_C": 25003800000,
        "Cash_Balance_C": 210100000,
        "Total_Assets_C": 36556800000,
        "Outsider_Liability_AL": 11540300000,
        "NatureOfReportStandaloneConsolidated": "STANDALONE",
        "Financial_Year": "2015",
        "FY_END_DATE": "2015-03-31T00:00:00",
        "cin": "L15491WB1962PLC031425",
        "Company_id": "WB425LC001964358",
        "Ebitda_AL": 3169400000,
        "Total_Equity_C": 0,
        "FY_START_DATE": "2014-04-01T00:00:00",
        "Revenue_Growth_RC": 7.51,
        "Ebitda_Margin_RA": 10.99,
        "Net_Profit_Margin_RC": 10.02,
        "Return_on_Equity_RC": 11.55,
        "Debt_Equity_RC": 0.19,
        "Inventory_Sales_Days_RC": 103.67,
        "Debtors_Sales_Days_RC": 11.85,
        "PAYABLES_TO_SALES_RC": 18.21,
        "Cash_Conversion_Cycle_Days_RC": 97.31,
        "SALES_TO_FIXED_ASSETS_RC": 14.92,
        "RETURN_ON_CAPITAL_EMPLOYED_RA": 12.89,
        "EQUITY_MULTIPLIER_RC": 1.46,
        "CURRENT_RATIO_RA": 1.61,
        "LIQUIDITY_RATIO_RA": 0.33,
        "INTEREST_COVERAGE_RATIO_RA": 9.27,
        "NET_WORTH_RATIO_RA": 0.12,
        "R_EARNING_PER_SHARE_RA": 0,
        "CASH_RATIO_RA": 0.03,
        "DEBT_TO_EBITDA_RA": 1.51,
        "Total_Loans_Total_Assets_RN": 0,
        "Total_Investments_Total_Assets_RN": 0,
        "Receivables_Total_Assets_RN": 0,
        "Total_Revenue_from_Operations_Total_Financial_Assets_RN": 0,
        "Return_on_Partners_Fund_RL": 0,
        "Debt_Partners_Fund_RL": 0
      },
      {
        "Total_Revenue_C": 32970600000,
        "Profit_Loss_C": 5636700000,
        "Net_Worth_C": 28959000000,
        "Cash_Balance_C": 2329000000,
        "Total_Assets_C": 40649200000,
        "Outsider_Liability_AL": 11690200000,
        "NatureOfReportStandaloneConsolidated": "Standalone",
        "Financial_Year": "2016",
        "FY_END_DATE": "2016-03-31T00:00:00",
        "cin": "L15491WB1962PLC031425",
        "Company_id": "WB425LC001964358",
        "Ebitda_AL": 4528200000,
        "Total_Equity_C": 0,
        "FY_START_DATE": "2015-04-01T00:00:00",
        "Revenue_Growth_RC": 10.61,
        "Ebitda_Margin_RA": 14.19,
        "Net_Profit_Margin_RC": 17.67,
        "Return_on_Equity_RC": 19.46,
        "Debt_Equity_RC": 0.02,
        "Inventory_Sales_Days_RC": 101.79,
        "Debtors_Sales_Days_RC": 14.2,
        "PAYABLES_TO_SALES_RC": 22.7,
        "Cash_Conversion_Cycle_Days_RC": 93.29,
        "SALES_TO_FIXED_ASSETS_RC": 16.01,
        "RETURN_ON_CAPITAL_EMPLOYED_RA": 23.56,
        "EQUITY_MULTIPLIER_RC": 1.4,
        "CURRENT_RATIO_RA": 1.37,
        "LIQUIDITY_RATIO_RA": 0.48,
        "INTEREST_COVERAGE_RATIO_RA": 15.29,
        "NET_WORTH_RATIO_RA": 0.19,
        "R_EARNING_PER_SHARE_RA": 0,
        "CASH_RATIO_RA": 0.23,
        "DEBT_TO_EBITDA_RA": 0.12,
        "Total_Loans_Total_Assets_RN": 0,
        "Total_Investments_Total_Assets_RN": 0,
        "Receivables_Total_Assets_RN": 0,
        "Total_Revenue_from_Operations_Total_Financial_Assets_RN": 0,
        "Return_on_Partners_Fund_RL": 0,
        "Debt_Partners_Fund_RL": 0
      },
      {
        "Total_Revenue_C": 31602300000,
        "Profit_Loss_C": 2760000000,
        "Net_Worth_C": 37845500000,
        "Cash_Balance_C": 20000000,
        "Total_Assets_C": 43867200000,
        "Outsider_Liability_AL": 6021700000,
        "NatureOfReportStandaloneConsolidated": "Standalone",
        "Financial_Year": "2017",
        "FY_END_DATE": "2017-03-31T00:00:00",
        "cin": "L15491WB1962PLC031425",
        "Company_id": "WB425LC001964358",
        "Ebitda_AL": 3626500000,
        "Total_Equity_C": 0,
        "FY_START_DATE": "2016-04-01T00:00:00",
        "Revenue_Growth_RC": -3.97,
        "Ebitda_Margin_RA": 11.84,
        "Net_Profit_Margin_RC": 9.01,
        "Return_on_Equity_RC": 7.29,
        "Debt_Equity_RC": 0.01,
        "Inventory_Sales_Days_RC": 91.04,
        "Debtors_Sales_Days_RC": 11.87,
        "PAYABLES_TO_SALES_RC": 29.11,
        "Cash_Conversion_Cycle_Days_RC": 73.8,
        "SALES_TO_FIXED_ASSETS_RC": 14.29,
        "RETURN_ON_CAPITAL_EMPLOYED_RA": 11.19,
        "EQUITY_MULTIPLIER_RC": 1.16,
        "CURRENT_RATIO_RA": 2.19,
        "LIQUIDITY_RATIO_RA": 0.57,
        "INTEREST_COVERAGE_RATIO_RA": 7.39,
        "NET_WORTH_RATIO_RA": 0.07,
        "R_EARNING_PER_SHARE_RA": 0,
        "CASH_RATIO_RA": 0,
        "DEBT_TO_EBITDA_RA": 0.06,
        "Total_Loans_Total_Assets_RN": 0,
        "Total_Investments_Total_Assets_RN": 0,
        "Receivables_Total_Assets_RN": 0,
        "Total_Revenue_from_Operations_Total_Financial_Assets_RN": 0,
        "Return_on_Partners_Fund_RL": 0,
        "Debt_Partners_Fund_RL": 0
      },
      {
        "Total_Revenue_C": 33649000000,
        "Profit_Loss_C": 5343200000,
        "Net_Worth_C": 42133500000,
        "Cash_Balance_C": 2085500000,
        "Total_Assets_C": 48679200000,
        "Outsider_Liability_AL": 6545700000,
        "NatureOfReportStandaloneConsolidated": "Standalone",
        "Financial_Year": "2018",
        "FY_END_DATE": "2018-03-31T00:00:00",
        "cin": "L15491WB1962PLC031425",
        "Company_id": "WB425LC001964358",
        "Ebitda_AL": 5013800000,
        "Total_Equity_C": 0,
        "FY_START_DATE": "2017-04-01T00:00:00",
        "Revenue_Growth_RC": 5.01,
        "Ebitda_Margin_RA": 15.58,
        "Net_Profit_Margin_RC": 16.61,
        "Return_on_Equity_RC": 12.68,
        "Debt_Equity_RC": 0.01,
        "Inventory_Sales_Days_RC": 84.45,
        "Debtors_Sales_Days_RC": 15.5,
        "PAYABLES_TO_SALES_RC": 28.19,
        "Cash_Conversion_Cycle_Days_RC": 71.77,
        "SALES_TO_FIXED_ASSETS_RC": 14.14,
        "RETURN_ON_CAPITAL_EMPLOYED_RA": 17.1,
        "EQUITY_MULTIPLIER_RC": 1.16,
        "CURRENT_RATIO_RA": 3.81,
        "LIQUIDITY_RATIO_RA": 2.44,
        "INTEREST_COVERAGE_RATIO_RA": 36.73,
        "NET_WORTH_RATIO_RA": 0.13,
        "R_EARNING_PER_SHARE_RA": 0,
        "CASH_RATIO_RA": 0.38,
        "DEBT_TO_EBITDA_RA": 0.12,
        "Total_Loans_Total_Assets_RN": 0,
        "Total_Investments_Total_Assets_RN": 0,
        "Receivables_Total_Assets_RN": 0,
        "Total_Revenue_from_Operations_Total_Financial_Assets_RN": 0,
        "Return_on_Partners_Fund_RL": 0,
        "Debt_Partners_Fund_RL": 0
      },
      {
        "Total_Revenue_C": 36121700000,
        "Profit_Loss_C": 4109300000,
        "Net_Worth_C": 44436800000,
        "Cash_Balance_C": 4044300000,
        "Total_Assets_C": 49999200000,
        "Outsider_Liability_AL": 5562400000,
        "NatureOfReportStandaloneConsolidated": "Standalone",
        "Financial_Year": "2019",
        "FY_END_DATE": "2019-03-31T00:00:00",
        "cin": "L15491WB1962PLC031425",
        "Company_id": "WB425LC001964358",
        "Ebitda_AL": 4382700000,
        "Total_Equity_C": 0,
        "FY_START_DATE": "2018-04-01T00:00:00",
        "Revenue_Growth_RC": 6.6,
        "Ebitda_Margin_RA": 12.78,
        "Net_Profit_Margin_RC": 11.98,
        "Return_on_Equity_RC": 9.25,
        "Debt_Equity_RC": 0,
        "Inventory_Sales_Days_RC": 90.13,
        "Debtors_Sales_Days_RC": 19.36,
        "PAYABLES_TO_SALES_RC": 25.48,
        "Cash_Conversion_Cycle_Days_RC": 84.01,
        "SALES_TO_FIXED_ASSETS_RC": 14.14,
        "RETURN_ON_CAPITAL_EMPLOYED_RA": 13.03,
        "EQUITY_MULTIPLIER_RC": 1.13,
        "CURRENT_RATIO_RA": 5,
        "LIQUIDITY_RATIO_RA": 3.08,
        "INTEREST_COVERAGE_RATIO_RA": 33.25,
        "NET_WORTH_RATIO_RA": 0.09,
        "R_EARNING_PER_SHARE_RA": 0,
        "CASH_RATIO_RA": 0.92,
        "DEBT_TO_EBITDA_RA": 0,
        "Total_Loans_Total_Assets_RN": 0,
        "Total_Investments_Total_Assets_RN": 0,
        "Receivables_Total_Assets_RN": 0,
        "Total_Revenue_from_Operations_Total_Financial_Assets_RN": 0,
        "Return_on_Partners_Fund_RL": 0,
        "Debt_Partners_Fund_RL": 0
      },
      {
        "Total_Revenue_C": 58079900000,
        "Profit_Loss_C": 5235400000,
        "Net_Worth_C": 108500100000,
        "Cash_Balance_C": 7377700000,
        "Total_Assets_C": 120504300000,
        "Outsider_Liability_AL": 12004200000,
        "NatureOfReportStandaloneConsolidated": "STANDALONE",
        "Financial_Year": "2020",
        "FY_END_DATE": "2020-03-31T00:00:00",
        "cin": "L15491WB1962PLC031425",
        "Company_id": "WB425LC001964358",
        "Ebitda_AL": 8040200000,
        "Total_Equity_C": 0,
        "FY_START_DATE": "2019-04-01T00:00:00",
        "Revenue_Growth_RC": 65.91,
        "Ebitda_Margin_RA": 14.13,
        "Net_Profit_Margin_RC": 9.2,
        "Return_on_Equity_RC": 4.83,
        "Debt_Equity_RC": 0,
        "Inventory_Sales_Days_RC": 59.01,
        "Debtors_Sales_Days_RC": 20.15,
        "PAYABLES_TO_SALES_RC": 28.68,
        "Cash_Conversion_Cycle_Days_RC": 50.49,
        "SALES_TO_FIXED_ASSETS_RC": 0.88,
        "RETURN_ON_CAPITAL_EMPLOYED_RA": 6.74,
        "EQUITY_MULTIPLIER_RC": 1.11,
        "CURRENT_RATIO_RA": 3.78,
        "LIQUIDITY_RATIO_RA": 2.62,
        "INTEREST_COVERAGE_RATIO_RA": 31.25,
        "NET_WORTH_RATIO_RA": 0.05,
        "R_EARNING_PER_SHARE_RA": 0,
        "CASH_RATIO_RA": 0.93,
        "DEBT_TO_EBITDA_RA": 0.04,
        "Total_Loans_Total_Assets_RN": 0,
        "Total_Investments_Total_Assets_RN": 0,
        "Receivables_Total_Assets_RN": 0,
        "Total_Revenue_from_Operations_Total_Financial_Assets_RN": 0,
        "Return_on_Partners_Fund_RL": 0,
        "Debt_Partners_Fund_RL": 0
      },
      {
        "Total_Revenue_C": 72873700000,
        "Profit_Loss_C": 6195100000,
        "Net_Worth_C": 112241000000,
        "Cash_Balance_C": 16136900000,
        "Total_Assets_C": 134317600000,
        "Outsider_Liability_AL": 22076600000,
        "NatureOfReportStandaloneConsolidated": "STANDALONE",
        "Financial_Year": "2021",
        "FY_END_DATE": "2021-03-31T00:00:00",
        "cin": "L15491WB1962PLC031425",
        "Company_id": "WB425LC001964358",
        "Ebitda_AL": 9185700000,
        "Total_Equity_C": 0,
        "FY_START_DATE": "2020-04-01T00:00:00",
        "Revenue_Growth_RC": 25.73,
        "Ebitda_Margin_RA": 12.84,
        "Net_Profit_Margin_RC": 8.66,
        "Return_on_Equity_RC": 5.52,
        "Debt_Equity_RC": 0,
        "Inventory_Sales_Days_RC": 71.85,
        "Debtors_Sales_Days_RC": 13.12,
        "PAYABLES_TO_SALES_RC": 56.25,
        "Cash_Conversion_Cycle_Days_RC": 28.72,
        "SALES_TO_FIXED_ASSETS_RC": 1.09,
        "RETURN_ON_CAPITAL_EMPLOYED_RA": 7.24,
        "EQUITY_MULTIPLIER_RC": 1.2,
        "CURRENT_RATIO_RA": 2.75,
        "LIQUIDITY_RATIO_RA": 1.75,
        "INTEREST_COVERAGE_RATIO_RA": 32.65,
        "NET_WORTH_RATIO_RA": 0.06,
        "R_EARNING_PER_SHARE_RA": 0,
        "CASH_RATIO_RA": 1.15,
        "DEBT_TO_EBITDA_RA": 0,
        "Total_Loans_Total_Assets_RN": 0,
        "Total_Investments_Total_Assets_RN": 0,
        "Receivables_Total_Assets_RN": 0,
        "Total_Revenue_from_Operations_Total_Financial_Assets_RN": 0,
        "Return_on_Partners_Fund_RL": 0,
        "Debt_Partners_Fund_RL": 0
      }
    ]
  }
}